%% LaTeX2e file `main.bib'
%% generated by the `filecontents' environment
%% from source `main' on 2019/03/03.
%%
%-------------------------------------------------------------------------------
@article{o1996log,
	title={The log-structured merge-tree (LSM-tree)},
	author={O’Neil, Patrick and Cheng, Edward and Gawlick, Dieter and O’Neil, Elizabeth},
	journal={Acta Informatica},
	volume={33},
	number={4},
	pages={351--385},
	year={1996},
	publisher={Springer}
}
@misc{ApacheHB26:online,
	author = {},
	title = {Apache HBase – Apache HBase™ Home},
	howpublished = {\url{https://hbase.apache.org/}},
	month = {},
	year = {},
	note = {(Accessed on 03/07/2019)}
}
@misc{ApacheCa22:online,
	author = {},
	title = {Apache Cassandra},
	howpublished = {\url{http://cassandra.apache.org/}},
	month = {},
	year = {},
	note = {(Accessed on 03/07/2019)}
}@article{chang2008bigtable,
title={Bigtable: A distributed storage system for structured data},
author={Chang, Fay and Dean, Jeffrey and Ghemawat, Sanjay and Hsieh, Wilson C and Wallach, Deborah A and Burrows, Mike and Chandra, Tushar and Fikes, Andrew and Gruber, Robert E},
journal={ACM Transactions on Computer Systems (TOCS)},
volume={26},
number={2},
pages={4},
year={2008},
publisher={ACM}
}
@misc{LevelDBo44:online,
	author = {},
	title = {LevelDB.org},
	howpublished = {\url{http://leveldb.org/}},
	month = {},
	year = {},
	note = {(Accessed on 03/07/2019)}
}@misc{RocksDBA24:online,
author = {},
title = {RocksDB | A persistent key-value store | RocksDB},
howpublished = {\url{https://rocksdb.org/}},
month = {},
year = {},
note = {(Accessed on 03/07/2019)}
}@misc{WiredTig38:online,
author = {},
title = {WiredTiger: making big data roar},
howpublished = {\url{http://www.wiredtiger.com/}},
month = {},
year = {},
note = {(Accessed on 03/07/2019)}
}@inproceedings{sears2012blsm,
title={bLSM: a general purpose log structured merge tree},
author={Sears, Russell and Ramakrishnan, Raghu},
booktitle={Proceedings of the 2012 ACM SIGMOD International Conference on Management of Data},
pages={217--228},
year={2012},
organization={ACM}
}
@inproceedings{dayan2017monkey,
	title={Monkey: Optimal navigable key-value store},
	author={Dayan, Niv and Athanassoulis, Manos and Idreos, Stratos},
	booktitle={Proceedings of the 2017 ACM International Conference on Management of Data},
	pages={79--94},
	year={2017},
	organization={ACM}
}@inproceedings{dong2017optimizing,
title={Optimizing Space Amplification in RocksDB.},
author={Dong, Siying and Callaghan, Mark and Galanis, Leonidas and Borthakur, Dhruba and Savor, Tony and Strum, Michael},
booktitle={CIDR},
volume={3},
pages={3},
year={2017}
}
@inproceedings{dayan2018dostoevsky,
	title={Dostoevsky: Better space-time trade-offs for LSM-tree based key-value stores via adaptive removal of superfluous merging},
	author={Dayan, Niv and Idreos, Stratos},
	booktitle={Proceedings of the 2018 International Conference on Management of Data},
	pages={505--520},
	year={2018},
	organization={ACM}
}
@inproceedings{yao2019geardb,
	title={GearDB: A GC-free Key-Value Store on HM-SMR Drives with Gear Compaction},
	author={Yao, Ting and Wan, Jiguang and Huang, Ping and Zhang, Yiwen and Liu, Zhiwen and Xie, Changsheng and He, Xubin},
	booktitle={17th $\{$USENIX$\}$ Conference on File and Storage Technologies ($\{$FAST$\}$ 19)},
	pages={159--171},
	year={2019}
}

@Book{arpachiDusseau18:osbook,
	author =       {Arpaci-Dusseau, Remzi H. and Arpaci-Dusseau Andrea C.},
	title =        {Operating Systems: Three Easy Pieces},
	publisher =    {Arpaci-Dusseau Books, LLC},
	year =         2015,
	edition =      {1.00},
	note =         {\url{http://pages.cs.wisc.edu/~remzi/OSTEP/}}
}
@InProceedings{waldspurger02,
	author =       {Waldspurger, Carl A.},
	title =        {Memory resource management in {VMware ESX} server},
	booktitle =    {USENIX Symposium on Operating System Design and
	Implementation (OSDI)},
	year =         2002,
	pages =        {181--194},
	note =         {\url{https://www.usenix.org/legacy/event/osdi02/tech/waldspurger/waldspurger.pdf}}}
